<?xml version="1.0" encoding="UTF-8"?><record xmlns="http://www.loc.gov/MARC21/slim" xmlns:cinclude="http://apache.org/cocoon/include/1.0" xmlns:zs="http://www.loc.gov/zing/srw/">
  <leader>00386nz  a2200121n  4500</leader>
  <controlfield tag="001">n  93052097 </controlfield>
  <controlfield tag="003">DLC</controlfield>
  <controlfield tag="005">19930603074431.3</controlfield>
  <controlfield tag="008">930603n| acannaab|          |n aaa |||  </controlfield>
  <datafield tag="010" ind1=" " ind2=" ">
    <subfield code="a">n  93052097 </subfield>
  </datafield>
  <datafield tag="040" ind1=" " ind2=" ">
    <subfield code="a">DLC</subfield>
    <subfield code="c">DLC</subfield>
  </datafield>
  <datafield tag="100" ind1="1" ind2="0">
    <subfield code="a">Bohnsack, Günter</subfield>
  </datafield>
  <datafield tag="670" ind1=" " ind2=" ">
    <subfield code="a">His Auftrag Irreführung, 1992:</subfield>
    <subfield code="b">t.p. (Günter Bohnsack) p. 3 of cover (age: 52; journalist; former Oberstleunant of the "Stasi")</subfield>
  </datafield>
</record>